@ARTICLE{numpy:2011,
       author = {{Van Der Walt}, Stefan and {Colbert}, S. Chris and {Varoquaux}, Ga{\"e}l},
        title = "{The NumPy array: a structure for efficient numerical computation}",
      journal = {ArXiv e-prints},
     keywords = {Computer Science - Mathematical Software},
         year = 2011,
        month = Feb,
          eid = {arXiv:1102.1523},
        pages = {arXiv:1102.1523},
archivePrefix = {arXiv},
       eprint = {1102.1523},
       adsurl = {https://ui.adsabs.harvard.edu/#abs/2011arXiv1102.1523V},
      adsnote = {Provided by the SAO/NASA Astrophysics Data System}
}
